@book{Ross,
    title = {Fuzzy Logic with Engineering Applications},
    author = {Timothy J. Ross},
    isbn = {9781119994374},
    year = {2010},
    publisher = {John Wiley \& Sons, Ltd}
}

@book{Andrea,
    title = {Battery Management Systems for Large Lithium Ion Battery Packs},
    author = {Davide Andrea},
    isbn = {978-1608071043},
    year = {2010},
    publisher = {Artech House}
}

@book{Murphy,
    title = {The Machine Learning: A Probabilistic Perspective},
    author = {Kevin P. Murphy},
    isbn = {0262018020},
    year = {2010},
    publisher = {Mit Press}
}